<record xmlns='http://www.loc.gov/MARC21/slim'><leader>01284cim a22003252u 4500</leader><controlfield tag='001'>3601941</controlfield><controlfield tag='005'>20160106133446.0</controlfield><controlfield tag='007'>ss|lmnjluz|nuu</controlfield><controlfield tag='008'>991101s1988    nyunnn         l    eng d</controlfield><datafield ind1=' ' ind2=' ' tag='035'><subfield code='a'>(NIC)notisASF9006</subfield></datafield><datafield ind1=' ' ind2=' ' tag='035'><subfield code='a'>3601941</subfield></datafield><datafield ind1=' ' ind2=' ' tag='035'><subfield code='a'>(OCoLC)63898527</subfield></datafield><datafield ind1=' ' ind2=' ' tag='040'><subfield code='a'>NIC</subfield><subfield code='c'>NIC</subfield><subfield code='d'>NIC</subfield><subfield code='d'>NIC</subfield></datafield><datafield ind1='1' ind2=' ' tag='100'><subfield code='a'>Brant, Beth,</subfield><subfield code='d'>1941-2015.</subfield></datafield><datafield ind1='1' ind2='0' tag='245'><subfield code='a'>Beth Brant reads from her own work</subfield><subfield code='h'>[sound recording]</subfield></datafield><datafield ind1=' ' ind2=' ' tag='260'><subfield code='c'>1988.</subfield></datafield><datafield ind1=' ' ind2=' ' tag='300'><subfield code='a'>1 sound cassette :</subfield><subfield code='b'>analog, mono.</subfield></datafield><datafield ind1=' ' ind2=' ' tag='500'><subfield code='a'>Recorded in Ithaca, NY by Cornell University.</subfield></datafield><datafield ind1=' ' ind2=' ' tag='500'><subfield code='a'>Sponsored by: Cornell Women&apos;s Studies Program,Firebrand Books,Gays, Bisexuals and Lesbians of Color.</subfield></datafield><datafield ind1=' ' ind2=' ' tag='500'><subfield code='a'>Speaker(s): Author of &quot;Mohawk Trail&quot;; editor of &quot;A Gathering of Spirit&quot;, a Native American feminist anthology.</subfield></datafield><datafield ind1=' ' ind2=' ' tag='518'><subfield code='a'>Reading, October 3, 1988.</subfield></datafield><datafield ind1=' ' ind2=' ' tag='520'><subfield code='a'>Brant reads from her book, &quot;Mohawk Trail&quot;, an anthology of native American feminist writings.</subfield></datafield><datafield ind1=' ' ind2='0' tag='650'><subfield code='a'>Indians of North America</subfield><subfield code='x'>Literature.</subfield></datafield><datafield ind1=' ' ind2='0' tag='650'><subfield code='a'>Women authors.</subfield></datafield><datafield ind1=' ' ind2='0' tag='650'><subfield code='a'>Literature</subfield><subfield code='x'>Indian authors.</subfield></datafield><datafield ind1=' ' ind2='7' tag='650'><subfield code='a'>Literature</subfield><subfield code='x'>Indian authors</subfield><subfield code='2'>fast</subfield><subfield code='0'>(OCoLC)fst00999992</subfield></datafield><datafield ind1=' ' ind2='7' tag='650'><subfield code='a'>Women authors</subfield><subfield code='2'>fast</subfield><subfield code='0'>(OCoLC)fst01177198</subfield></datafield><datafield ind1='1' ind2=' ' tag='899'><subfield code='a'>CULectures</subfield></datafield><datafield ind1=' ' ind2=' ' tag='905'><subfield code='a'>20000307120000.0</subfield></datafield><datafield ind1='2' ind2=' ' tag='948'><subfield code='a'>20141221</subfield><subfield code='b'>m</subfield><subfield code='d'>batch</subfield><subfield code='e'>lts</subfield><subfield code='x'>addfast</subfield></datafield></record>